@article{steck87Rb, 
auTHor = "Daniel A. Steck", 
Title = {Rubidium 87 D Line Data}, 
YEAR = 2003, 
} 
