@book{AandM_SS,
author    = "Ashcroft and Mermin", 
title     = {Solid State Physics},
publisher = {Brooks/Cole},
year      = 1976,
isbn      = {978-0-03-083993-1}
}
