@manual{NISTsec,
  author = {National Institute of Standards and Technology},
  title = {``Definitions of the SI base units"},
  year = 2015,
  url = {https://physics.nist.gov/cuu/Units/current.html},
  urldate = {2018-02-10}
}

@manual{21cmPred,
  author = {Green Bank Observatory},
  title = {``Prediction of 21cm line radiation"},
  url = {http://www.gb.nrao.edu/fgdocs/HI21cm/21cm.html},
  urldate = {2018-02-10}
}

@article{steck87Rb, 
auTHor = "Daniel A. Steck", 
Title = {Rubidium 87 Data}, 
YEAR = 2003, 
} 

@article{steck85Rb, 
auTHor = "Daniel A. Steck", 
Title = {Rubidium 85 Data}, 
YEAR = 2003, 
} 
